<record><leader>00000cas a22000007a 4500</leader><controlfield tag="001">11833202</controlfield><controlfield tag="008">850321c18639999wiuwr ne      0    0eng d</controlfield><datafield ind1=" " ind2=" " tag="010"><subfield code="a">sn 85033301 </subfield></datafield><datafield ind1=" " ind2=" " tag="040"><subfield code="a">NPU</subfield><subfield code="b">eng</subfield><subfield code="c">NPU</subfield><subfield code="d">NPV</subfield><subfield code="d">NVF</subfield><subfield code="d">OCL</subfield><subfield code="d">OCLCQ</subfield><subfield code="d">OCLCF</subfield><subfield code="d">OCLCO</subfield></datafield><datafield ind1=" " ind2=" " tag="042"><subfield code="a">msc</subfield></datafield><datafield ind1=" " ind2=" " tag="043"><subfield code="a">n-us-wi</subfield></datafield><datafield ind1="0" ind2="4" tag="245"><subfield code="a">The Waushara Argus.</subfield></datafield><datafield ind1="1" ind2="3" tag="246"><subfield code="a">Argus</subfield></datafield><datafield ind1="1" ind2="3" tag="246"><subfield code="a">Neshkoro news</subfield></datafield><datafield ind1="1" ind2="3" tag="246"><subfield code="a">Wild Rose news</subfield></datafield><datafield ind1=" " ind2=" " tag="260"><subfield code="a">Wautoma, Wis. :</subfield><subfield code="b">Stowers &amp; Lockerby,</subfield><subfield code="c">1863-</subfield></datafield><datafield ind1=" " ind2=" " tag="300"><subfield code="a">v.</subfield></datafield><datafield ind1=" " ind2=" " tag="310"><subfield code="a">Weekly</subfield></datafield><datafield ind1="0" ind2=" " tag="362"><subfield code="a">Vol. 5, no. 1 (Mar. 31, 1863)-</subfield></datafield><datafield ind1=" " ind2=" " tag="500"><subfield code="a">Added masthead: Neshkoro news, Mar. 7, 1917-June 19, 1918; Wild Rose news, Apr. 4, 1928-Sept. 25, 1930.</subfield></datafield><datafield ind1=" " ind2=" " tag="500"><subfield code="a">Publisher varies.</subfield></datafield><datafield ind1=" " ind2=" " tag="525"><subfield code="a">Supplements accompany some issues.</subfield></datafield><datafield ind1=" " ind2="0" tag="651"><subfield code="a">Waushara County (Wis.)</subfield><subfield code="v">Newspapers.</subfield></datafield><datafield ind1=" " ind2="7" tag="655"><subfield code="a">Newspapers.</subfield><subfield code="2">fast</subfield><subfield code="0">(OCoLC)fst01423814</subfield></datafield><datafield ind1=" " ind2="7" tag="651"><subfield code="a">Wisconsin</subfield><subfield code="z">Waushara County.</subfield><subfield code="2">fast</subfield><subfield code="0">(OCoLC)fst01215924</subfield></datafield><datafield ind1=" " ind2=" " tag="752"><subfield code="a">United States</subfield><subfield code="b">Wisconsin</subfield><subfield code="c">Waushara</subfield><subfield code="d">Wautoma.</subfield></datafield><datafield ind1="0" ind2="0" tag="780"><subfield code="t">Waushara County Argus</subfield><subfield code="w">(DLC)sn 86086484</subfield></datafield><datafield ind1="0" ind2="5" tag="780"><subfield code="t">Sun-news press</subfield><subfield code="w">(DLC)sn 86086026</subfield></datafield></record>